@STRING(MOL="Mol. Phys.")
@article{HFReview,
    author  ={Pablo Echenique and  J. L. Alonso},
    year    =2007,
    journal =MOL,
    pages   ={3057--3098},
    volume  =105,
    title   ={A mathematical and computational review of Hartreeâ€“Fock SCF methods in quantum chemistry},
}
