@STRING(PRL="Phys. Rev. Lett.")
@STRING(JCP="J. Chem. Phys.")
@STRING(JPCA="J. Phys. Chem. A")
@STRING(PCCP="Phys. Chem. Chem. Phys.")
@STRING(RMP="Rev. Mod. Phys.")
@STRING(IJQC="Int. J. Quant. Chem.")
@STRING(JCTC="J. Chem. Theor. Comput.")
@STRING(CPL="Chem. Phys. Lett.")
@STRING(MOL="Mol. Phys.")
@STRING(PRA="Phys. Rev. A")
@STRING(CTC="Comp. Theor. Chem.")
@article{HFReview,
    author  ={Pablo Echenique and  J. L. Alonso},
    year    =2007,
    journal =MOL,
    pages   ={3057--3098},
    volume  =105,
    title   ={A mathematical and computational review of Hartreeâ€“Fock SCF methods in quantum chemistry},
}
@book{FrenkelSmit,
	author 	={Daan Frenkel and Berend Smit},
	year	=1996,
	title	={Understanding Molecular Simulation},
	edition	=2,
	publisher ={Academic Press},
}

